<record><leader>00000cas a22000007a 4500</leader><controlfield tag="001">10994019</controlfield><controlfield tag="008">840727d18911965nyuwr ne      0    0eng d</controlfield><datafield ind1=" " ind2=" " tag="010"><subfield code="a">sn 84031019 </subfield></datafield><datafield ind1=" " ind2=" " tag="040"><subfield code="a">NYG</subfield><subfield code="b">eng</subfield><subfield code="c">NYG</subfield><subfield code="d">NYS</subfield><subfield code="d">OCL</subfield><subfield code="d">OCLCQ</subfield></datafield><datafield ind1=" " ind2=" " tag="042"><subfield code="a">msc</subfield></datafield><datafield ind1="0" ind2="4" tag="245"><subfield code="a">The Gazette and farmers' journal.</subfield></datafield><datafield ind1="1" ind2="3" tag="246"><subfield code="a">Gazette &amp; farmers' journal</subfield></datafield><datafield ind1=" " ind2=" " tag="260"><subfield code="a">Baldwinsville, Onondaga Co., N.Y. :</subfield><subfield code="b">[The Gazette Pub. Co.],</subfield><subfield code="c">1891-1965.</subfield></datafield><datafield ind1=" " ind2=" " tag="300"><subfield code="a">v. :</subfield><subfield code="b">ill.</subfield></datafield><datafield ind1=" " ind2=" " tag="310"><subfield code="a">Weekly</subfield></datafield><datafield ind1="0" ind2=" " tag="362"><subfield code="a">Vol. 44, no. 19 (Feb. 19, 1891)-118th year, no. 26 (Mar. 25, 1965) = whole no. 2308-4123.</subfield></datafield><datafield ind1=" " ind2=" " tag="500"><subfield code="a">Published on Thursday.</subfield></datafield><datafield ind1=" " ind2="4" tag="651"><subfield code="a">Baldwinsville (N.Y.)</subfield><subfield code="v">Newspapers.</subfield></datafield><datafield ind1=" " ind2=" " tag="752"><subfield code="a">United States</subfield><subfield code="b">New York</subfield><subfield code="c">Onondaga</subfield><subfield code="d">Baldwinsville.</subfield></datafield><datafield ind1="0" ind2="0" tag="780"><subfield code="t">Baldwinsville gazette and farmers' journal</subfield><subfield code="w">(DLC)sn 84031018</subfield></datafield><datafield ind1="0" ind2="7" tag="785"><subfield code="t">Messenger (Baldwinsville, N.Y. : 1940)</subfield><subfield code="w">(DLC)sn 84031538</subfield></datafield><datafield ind1="0" ind2="7" tag="785"><subfield code="t">Messenger and gazette &amp; farmers' journal</subfield><subfield code="w">(DLC)sn 84031539</subfield></datafield><datafield ind1="1" ind2=" " tag="029"><subfield code="a">AU@</subfield><subfield code="b">000020630690</subfield></datafield></record>